@article{book-3-min-dna-indexation,
    author = {Shun, Julian and Blelloch, Guy E.},
    title = {A simple parallel cartesian tree algorithm and its application to
             parallel suffix tree construction},
    year = {2014},
    issue_date = {September 2014},
    publisher = {Association for Computing Machinery},
    address = {New York, NY, USA},
    volume = {1},
    number = {1},
    issn = {2329-4949},
    url = {https://doi.org/10.1145/2661653},
    doi = {10.1145/2661653},
    journal = {ACM Trans. Parallel Comput.},
    month = oct,
    articleno = {8},
}

@inproceedings{book-bwt,
    author={Manzini, Giovanni},
    title={The Burrows-Wheeler Transform: Theory and Practice},
    booktitle={Mathematical Foundations of Computer Science 1999},
    year={1999},
    publisher={Springer Berlin Heidelberg},
    address={Berlin, Heidelberg},
    pages={34--47},
    isbn={978-3-540-48340-3},
}

@article{book-ukkonen,
    author={Ukkonen, Esko},
    title={On-line construction of suffix trees},
    journal={Algorithmica},
    year={1995},
    month={Sep},
    day={01},
    volume={14},
    number={3},
    pages={249-260},
    issn={1432-0541},
    doi={10.1007/BF01206331},
    url={https://doi.org/10.1007/BF01206331},
}

@article{book-string-processing,
    title = {Near real-time suffix tree construction via the fringe marked ancestor problem},
    journal = {Journal of Discrete Algorithms},
    volume = {18},
    pages = {32-48},
    year = {2013},
    note = {Selected papers from the 18th International Symposium on String Processing and Information Retrieval (SPIRE 2011)},
    issn = {1570-8667},
    doi = {https://doi.org/10.1016/j.jda.2012.07.003},
    url = {https://www.sciencedirect.com/science/article/pii/S1570866712001062},
    author = {Dany Breslauer and Giuseppe F. Italiano},
    keywords = {String algorithms, Suffix trees},
}

@book{book-gusfield-1997,
    place={Cambridge},
    title={Suffix Trees and Their Uses},
    booktitle={Algorithms on Strings, Trees, and Sequences: Computer Science and Computational Biology},
    publisher={Cambridge University Press},
    author={Gusfield, Dan},
    year={1997},
}

