@book{hayashi:eco,
    author={Fumio Hayashi},
    credits={{Hayashi F.}},
    title={Econometrics},
    year=2000,
    location={41 William Street, Princeton, New Jersey 08540},
    publisher={Princeton University Press},
    pagetotal=669,
    language={english},
    langid={english},
    media={text},
}

@book{magnus:eco,
    author={{Магнус Я.Р.}},
    credits={{Магнус Я.Р.}, {Катышев П.К.}, {Персецкий А.А.}},
    title={Эконометрика. Начальный курс},
    year=2004,
    edition={6-е изд., перераб. и доп.},
    publisher={Дело},
    location={М.},
    pagetotal=576,
    language={russian},
    langid={russian},
    media={text},
}

@book{mckinnely:py,
    author={Wes McKinney},
    credits={{McKinney W.}},
    title={Python for Data Analysis},
    year=2012,
    edition={First edition},
    publisher={O’Reilly Media, Inc.},
    location={1005 Gravenstein Highway North, Sebastopol, CA 95472},
    pagetotal=452,
    language={english},
    langid={english},
    media={text},
}

@book{stock:intro,
    author={{Stock J.H.}},
    credits={{Stock J.H.}, {Watson M.W.}},
    title={Introduction to Econometrics},
    year=2019,
    edition={4th edition},
    publisher={Pearson},
    pagetotal=755,
    language={english},
    langid={english},
    media={text},
}

@book{dougherty:intro,
    author={{Dougherty C.}},
    credits={{Dougherty C.}},
    title={Introduction to Econometrics},
    year=2007,
    edition={illustrated},
    publisher={Oxford University Press},
    pagetotal=464,
    language={english},
    langid={english},
    media={text},
}
